@article{Botta2012,
	author = {Botta, Alessio and Dainotti, Alberto and Pescap{\'e}, Antonio},
	title = {A Tool for the Generation of Realistic Network Workload for Emerging Networking Scenarios},
	journal = {Computer Networks},
	volume = {Vol. 56},
	number = {Num. 15},
	month = {October},
	year = {2012},
	issn = {1389-1286},
	numpages = {17},
	doi = {10.1016/j.comnet.2012.02.019},
	acmid = {2365642},
	address = {New York, New York, USA},
	keywords = {Network workload, Synthetic network traffic, Traffic generation},
} 

@inproceedings{Sommers2004,
	author = {Sommers, Joel and Barford, Paul},
	title = {Self-configuring Network Traffic Generation},
	booktitle = {Proceedings of the 4th ACM SIGCOMM Conference on Internet Measurement},
	series = {IMC '04},
	year = {2004},
	isbn = {1-58113-821-0},
	location = {Taormina, Sicily, Italy},
	pages = {68--81},
	numpages = {14},
	url = {http://doi.acm.org/10.1145/1028788.1028798},
	doi = {10.1145/1028788.1028798},
	acmid = {1028798},
	publisher = {ACM},
	address = {New York, NY, USA},
	keywords = {network flows, traffic generation},
} 


@inproceedings{Iannucci,
	author = {Iannucci, Stefano and Kholidy, Hisham and Dhakal Ghimire, Amrita and Jia, Rui and Abdelwahed, Sherif and Banicescu, Ioana},
	year = {2017},
	month = {September 5-8},
	address = {Hawaii, USA},
	pages = {},
	booktitle = {Proceedings of IEEE Cluster Conference},
	title = {A Comparison of Graph-Based Synthetic Data Generators for Benchmarking Next-Generation Intrusion Detection Systems},
	doi = {10.1109/CLUSTER.2017.54}
}

@inproceedings{Siska2010,
	author = {Siska, Peter and Stoecklin, Marc Ph. and Kind, Andreas and Braun, Torsten},
	title = {A Flow Trace Generator Using Graph-based Traffic Classification Techniques},
	booktitle = {Proceedings of the 6th International Wireless Communications and Mobile Computing Conference},
	series = {IWCMC '10},
	year = {2010},
	isbn = {978-1-4503-0062-9},
	location = {Caen, France},
	pages = {457--462},
	numpages = {6},
	url = {http://doi.acm.org/10.1145/1815396.1815503},
	doi = {10.1145/1815396.1815503},
	acmid = {1815503},
	publisher = {ACM},
	address = {New York, NY, USA},
	keywords = {network flows, self-parameterization, trace generation, traffic dispersion graphs},
} 

@inproceedings{Carlini2017,
	author    = {Nicholas Carlini and
	David A. Wagner},
	title     = {Towards Evaluating the Robustness of Neural Networks},
	booktitle = {Proceedings of IEEE Symposium on Security and Privacy},
	volume    = {abs/1608.04644},
	address   = {San Jose, CA},
	month     = {May 22-24},
	year      = {2017},
}

@inproceedings{Liu2017,
	author    = {Yanpei Liu and
	Xinyun Chen and
	Chang Liu and
	Dawn Song},
	title     = {Delving into Transferable Adversarial Examples and Black-box Attacks},
	journal   = {Proceedings of International Conference on Learning Representations (ICLR)},
	address   = {Palais des Congrès Neptune, Toulon, France},
	month     = {April 24-26},
	year      = {2017},
}

@inproceedings{Eykholt2018,
	author    = {Ivan Evtimov and
		Kevin Eykholt and
		Earlence Fernandes and
		Tadayoshi Kohno and
		Bo Li and
		Atul Prakash and
		Amir Rahmati and
		Dawn Song},
	title     = {Robust Physical-World Attacks on Machine Learning Models},
	booktitle   = {Proceedings of The IEEE Conference on Computer Vision and Pattern Recognition (CVPR)},
	address = {Salt Lake City, Utah, USA},
	month = {June 18-22},
	year      = {2018},
}

@inproceedings{Xiao2018,
	author    = {Chaowei Xiao and
	Bo Li and
	Jun{-}Yan Zhu and
	Warren He and
	Mingyan Liu and
	Dawn Song},
	title     = {Generating Adversarial Examples with Adversarial Networks},
	booktitle = {Proceedings of International Joint Conference on Artificial Intelligence},
	year      = {2018},
	url       = {https://www.ijcai.org/proceedings/2018/0543.pdf},
	address   = {Stockholmsmässan, Stockholm, Sweden},
	month     = {July 13-19}
}

@inproceedings{Goodfellow2015,
	author    = {Ian Goodfellow and
	Jonathon Shlens and
	Christian Szegedy},
	title     = {Explaining and Harnessing Adversarial Examples},
	booktitle   = {Proceedings of The IEEE International Conference on Learning Representations {ICLR}},
	address   = {San Diego, California, USA},
	month     = {May 7-9},
	year      = {2015},
}


@inproceedings{Szegedy2013,
	author    = {Christian Szegedy and
	Wojciech Zaremba and
	Ilya Sutskever and
	Joan Bruna and
	Dumitru Erhan and
	Ian J. Goodfellow and
	Rob Fergus},
	title     = {Intriguing properties of neural networks},
	booktitle	= {Proceedings of International Conference on Learning Representations},
	year      = {2014},
	address   = {Banff, Canada},
	month     = {April 14-16},
	url       = {http://arxiv.org/abs/1312.6199},
	archivePrefix = {arXiv},
}

@inproceedings{Belghazi2018,
	author    = {Ishmael Belghazi and
	Sai Rajeswar and
	Aristide Baratin and
	R. Devon Hjelm and
	Aaron C. Courville},
	title     = {{MINE:} Mutual Information Neural Estimation},
	booktitle   = {Proceedings of International Conference on Machine Learning},
	month     = {July 10-15},
	year      = {2018},
	url       = {http://arxiv.org/abs/1801.04062},
	address   = {Stockholmsmässan, Stockholm Sweden},
	archivePrefix = {arXiv},
	eprint    = {1801.04062},
	biburl    = {https://dblp.org/rec/bib/journals/corr/abs-1801-04062},
	bibsource = {dblp computer science bibliography, https://dblp.org}
}

@incollection{Chen2016,
	title = {InfoGAN: Interpretable Representation Learning by Information Maximizing Generative Adversarial Nets},
	author = {Chen, Xi and Duan, Yan and Houthooft, Rein and Schulman, John and Sutskever, Ilya and Abbeel, Pieter},
	booktitle = {Advances in Neural Information Processing Systems},
	pages = {2172--2180},
	year = {2016},
	volume = {29},
	publisher = {Curran Associates, Inc.},
	url = {http://papers.nips.cc/paper/6399-infogan-interpretable-representation-learning-by-information-maximizing-generative-adversarial-nets.pdf}
}

@article{Mirza2014,
	author    = {Mehdi Mirza and
	Simon Osindero},
	title     = {Conditional Generative Adversarial Nets},
	journal   = {CoRR},
	volume    = {abs/1411.1784},
	year      = {2014},
	url       = {http://arxiv.org/abs/1411.1784},
	archivePrefix = {arXiv},
	eprint    = {1411.1784},
	timestamp = {Mon, 13 Aug 2018 16:48:15 +0200},
	biburl    = {https://dblp.org/rec/bib/journals/corr/MirzaO14},
	bibsource = {dblp computer science bibliography, https://dblp.org}
}

@inproceedings{Radford2015,
	author    = {Alec Radford and
	Luke Metz and
	Soumith Chintala},
	title     = {Unsupervised Representation Learning with Deep Convolutional Generative
	Adversarial Networks},
    booktitle = {Proceedings of The IEEE International Conference on Learning Representations {ICLR}},
    address   = {Caribe Hilton, San Juan, Puerto Rico},
    month     = {May 2-4},
	year      = {2016},
}

@inproceedings{Choi2017,
	author = {Choi, Yunjey and Choi, Minje and Kim, Munyoung and Ha, Jung-Woo and Kim, Sunghun and Choo, Jaegul},
	title = {StarGAN: Unified Generative Adversarial Networks for Multi-Domain Image-to-Image Translation},
	booktitle = {Proceedings of The IEEE Conference on Computer Vision and Pattern Recognition (CVPR)},
	address = {Salt Lake City, Utah, USA},
	month = {June 18-22},
	year = {2018}
}

@inproceedings{Karras2018,
	author    = {Tero Karras and
	Samuli Laine and
	Timo Aila},
	title     = {A Style-Based Generator Architecture for Generative Adversarial Networks},
	booktitle   = {Proceedings of The IEEE Conference on Computer Vision and Pattern Recognition (CVPR), (To Appear)},
	volume    = {abs/1812.04948},
	month     = {June 15-21},
	year      = {2019},
	address   = {Long Beach, California, USA},
	url       = {http://arxiv.org/abs/1812.04948},
	archivePrefix = {arXiv},
	eprint    = {1812.04948},
}

@inproceedings{Zhu2017,
	title={Unpaired Image-to-Image Translation Using Cycle-Consistent Adversarial Networks},
	author={Jun-Yan Zhu and Taesung Park and Phillip Isola and Alexei A. Efros},
	journal={Proceedings of 2017 IEEE International Conference on Computer Vision (ICCV)},
	year={2017},
	month = {October 22-29},
	address = {Venice, Italy},
	pages={2242-2251}
}

@inproceedings{Shen2018,
	author = {Shen, Yun and Mariconti, Enrico and Vervier, Pierre Antoine and Stringhini, Gianluca},
	title = {Tiresias: Predicting Security Events Through Deep Learning},
	booktitle = {Proceedings of the 2018 ACM SIGSAC Conference on Computer and Communications Security},
	series = {CCS '18},
	year = {2018},
	isbn = {978-1-4503-5693-0},
	location = {Toronto, Canada},
	pages = {592--605},
	numpages = {14},
	url = {http://doi.acm.org/10.1145/3243734.3243811},
	doi = {10.1145/3243734.3243811},
	acmid = {3243811},
	publisher = {ACM},
	address = {New York, NY, USA},
	keywords = {prediction, recurrent neural network, system security},
} 

@inproceedings{Tuor,
	author    = {Aaron Tuor and
	Samuel Kaplan and
	Brian Hutchinson and
	Nicole Nichols and
	Sean Robinson},
	title     = {Deep Learning for Unsupervised Insider Threat Detection in Structured
	Cybersecurity Data Streams},
	booktitle   = {Proceedings of AI for Cyber Security Workshop at AAAI 2017},
	volume    = {abs/1710.00811},
	address   = {San Francisco, California USA},
	year      = {2017},
	archivePrefix = {arXiv},
	eprint    = {1710.00811},
	timestamp = {Wed, 01 Nov 2017 19:05:43 +0100},
}


@article{Fava2008,
	author = {D. S. Fava and S. R. Byers and S. J. Yang},
	title = {Projecting Cyberattacks Through Variable-Length Markov Models},
	journal = {{IEEE} Transactions on Information Forensics and Security},
	year = {2008},
	volume = {Vol. 3},
	pages = {359-369},
	number = {Num. 3},
	month = {September},
	issn = {1556-6013},
	keywords = {Markov processes, computer networks, security of data, telecommunication
	securitycyberattacks, intrusion detection system, network security,
	variable-length Markov model}
}

@article{Noel2009,
	title={Advanced vulnerability analysis and intrusion detection through predictive attack graphs},
	author={Noel, Steven and Jajodia, Sushil},
	journal={Critical Issues in C4I, AFCEA Solutions Series. International Journal of Command and Control},
	year={2009}
}

@inproceedings{Du2014,
	title={Probabilistic Inference for Obfuscated Network Attack Sequences},
	author={Haitao Du and Shanchieh Jay Yang},
	booktitle={Proceedings of IEEE/ISIF International Conference on Dependable Systems and Networks},
	pages={},
	address={Atlanta, GA},
	month={June 23-26},
	year={2014}
}

@ARTICLE{Wang2006,
	author = {L. Wang and A. Liu and S. Jajodia},
	title = {Using attack graphs for correlating, hypothesizing, and predicting
	intrusion alerts},
	journal = {Computer Communications},
	year = {2006},
	volume = {29},
	pages = {2917 - 2933},
	number = {15},
	owner = {sjyeec},
	timestamp = {2009.08.29}
}

@inproceedings{Qin2004,
	author = {Qin, Xinzhou and Lee, Wenke},
	booktitle = {Proceedings of 20th Annual Computer Security Applications Conference},
	pages = {370--379},
	title = {{Attack plan recognition and prediction using causal networks}},
	month = {December 6-10},
	address = {Tucson, AZ},
	year = {2004}
}

@phdthesis{Li2017,
	author={Li,Ming},
	year={2017},
	title={Attack Graph Analysis Based on Markov Decision Process},
	journal={ProQuest Dissertations and Theses},
	pages={93},
	keywords={Applied sciences; Attack graph; HPC; Intel xeon phi coprocessor; Markov decision process; OpenCL; Reward analysis; Computer Engineering; Electrical engineering; Computer science; 0544:Electrical engineering; 0464:Computer Engineering; 0984:Computer science},
	isbn={9781369724912},
	language={English},
	url={http://search.proquest.com.ezproxy.rit.edu/docview/1896571226?accountid=108},
}

@article{McHugh,
	author = {McHugh, John},
	title = {Testing Intrusion Detection Systems: A Critique of the 1998 and 1999 DARPA Intrusion Detection System Evaluations As Performed by Lincoln Laboratory},
	journal = {ACM Transactions on Information System Security},
	issue_date = {Nov. 2000},
	volume = {3},
	number = {4},
	month = {November},
	year = {2000},
	issn = {1094-9224},
	pages = {262--294},
	numpages = {33},
	url = {http://doi.acm.org/10.1145/382912.382923},
	doi = {10.1145/382912.382923},
	acmid = {382923},
	publisher = {ACM},
	address = {New York, NY, USA},
	keywords = {computer security, intrusion detection, receiver operating curves (ROC), software evaluation},
} 

@inproceedings{Lippmann,
	author = {Lippmann, R.P and Fried, D.J and Graf, I. and Haines, J.W and Kendall, K.R and McClung, D and Weber, D. and Webster, S.E. and Wyschogrod, D. and Cunningham, R.K. and Zissman, M.A.},
	year = {2000},
	month = {January 25-27},
	address = {Hilton Head, SC, USA},
	title = {Evaluating intrusion detection systems: the 1998 DARPA off-line intrusion detection evaluation},
	isbn = {0-7695-0490-6},
	booktitle = {Proceedings of DARPA Information Survivability Conference and Exposition},
	doi = {10.1109/DISCEX.2000.821506}
}

@inproceedings{Stolfo,
	author = {Stolfo, Salvatore and Fan, Wei and Lee, Wenke and Prodromidis, Andreas and Chan, Philip},
	year = {2000},
	month = {January 25-27},
	address = {Hilton Head, SC, USA},
	pages = {130 - 144 vol.2},
	title = {Cost-based modeling for fraud and intrusion detection: Results from the JAM project},
	volume = {2},
	isbn = {0-7695-0490-6},
	booktitle = {Proceedings of DARPA Information Survivability Conference},
	doi = {10.1109/DISCEX.2000.821515}
}

@inproceedings{Tavallaee,
	author = {Tavallaee, Mahbod and Bagheri, Ebrahim and Lu, Wei and Ghorbani, Ali A.},
	title = {A Detailed Analysis of the KDD CUP 99 Data Set},
	booktitle = {Proceedings of the Second IEEE International Conference on Computational Intelligence for Security and Defense Applications},
	series = {CISDA'09},
	year = {2009},
	isbn = {978-1-4244-3763-4},
	location = {Ottawa, Ontario, Canada},
	pages = {53--58},
	numpages = {6},
	url = {http://dl.acm.org/citation.cfm?id=1736481.1736489},
	acmid = {1736489},
	publisher = {IEEE Press},
	address = {Piscataway, NJ, USA},
} 

@inproceedings{Kim,
	author      = {Jihyun Kim and Jaehyun Kim and Huong Le Thi Thu and Howon Kim},
	year        = {2016},
	booktitle   = {Proceedings of International Conference on Platform Technology and Service},
	title       = {Long Short Term Memory Recurrent Neural Network Classifier for Intrusion Detection},
	month       = {February 15-17},
	address     = {Jeju, Korea},
	isbn        = {978-1-4673-8685-2}
}

@article{Staudemeyer,
	author      = {Ralf C Staudemeyer},
	year        = {2015},
	journal     = {South African Computer Journal},
	volume      = {56},
	title       = {Applying long short-term memory recurrent neural networks to intrusion detection},
	issn        = {2313-7835}
}

@inproceedings{Gulrajani2017,
    author = {Gulrajani, Ishaan and Ahmed, Faruk and Arjovsky, Martin and Dumoulin, Vincent and Courville, Aaron},
  keywords = {Computer Science - Learning, Statistics - Machine Learning},
     title = {Improved Training of Wasserstein GANs},
 booktitle = {Proceedings of Advances in Neural Information Processing Systems 30},
   address = {Long Beach, California, USA},
     month = {December 4-9},
      year = {2017},
     pages = {5769--5779},
       url = {https://papers.nips.cc/paper/7159-improved-training-of-wasserstein-gans},
}

@misc{iana,
    title = {Service Name and Transport Protocol Port Number Registry},
    author = {Joe Touch and Eliot Lear and Allison Mankin and  Markku Kojo and     Kumiko Ono and Martin Stiemerling and Lars Eggert and Alexey Melnikov     and Wes Eddy and Alexander Zimmermann and Brian Trammell and Jana         Iyengar and Allison Mankin and Michael Tuexen and Eddie Kohler and        Yoshifumi Nishida},
    journal = {IANA},
    year = {2018},
    url = {https://www.iana.org/assignments/service-names-port-numbers/service-names-port-numbers.xhtml}
}

@misc{Faber2018,
  author    = {Isaac Faber and
               Giovanni Malloy},
  title     = {Deep Security: Cyber Security Threat Behavior Classification},
  journal   = {CoRR},
  year      = {2018},
  url       = {http://cs230.stanford.edu/projects_spring_2018/reports/8285947.pdf},
}

@inproceedings{us,
  title={Differentiating and Predicting Cyberattack Behaviors using LSTM},
  author={Ian Perry and Lutzu Li and Christopher Sweet and Shanchieh Jay Yang and Ahmet Okutan},
  booktitle={IEEE Conference on Dependable and Secure Computing},
  year={2018},
  month = {December 10-13},
  address = {Kaohsiung, Taiwan},
}

@INPROCEEDINGS{Hu2015, 
    author={Liang Hu and Zhen Zhang and Huanyu Tang and Nannan Xie}, 
    booktitle={Proceedings of 2015 11th International Conference on Natural Computation (ICNC)}, 
    title={An improved intrusion detection framework based on Artificial Neural Networks}, 
    address = {Zhangjiajie, China},
    year={2015}, 
    pages={1115-1120}, 
    doi={10.1109/ICNC.2015.7378148}, 
    ISSN={2157-9563}, 
    month={August 15-17},
}

@inproceedings{Arjovsky2017,
  author    = {Mart{\'{\i}}n Arjovsky and
               Soumith Chintala and
               L{\'{e}}on Bottou},
  title     = {Wasserstein Generative Adversarial Networks},
  booktitle = {Proceedings of the 34th International Conference on Machine Learning,
               {ICML}},
  address   = {Sydney, NSW, Australia},
  pages     = {214--223},
  month     = {August 6-11},
  year      = {2017},
  url       = {http://proceedings.mlr.press/v70/arjovsky17a.html},
  timestamp = {Wed, 16 Aug 2017 11:08:55 +0200},
  biburl    = {https://dblp.org/rec/bib/conf/icml/ArjovskyCB17},
  bibsource = {dblp computer science bibliography, https://dblp.org}
}

@inproceedings{Anderson2017,
  title={Evading Machine Learning Malware Detection},
  author={Hyrum S. Anderson and
         Anant Kharkar and
         Bobby Filar and
         Phil Roth},
  booktitle = {Proceedings of Blackhat},
  address = {Mandalay Bay, Las Vegas, NV},
  month = {July 22-27},
  year={2017}
}

@inproceedings{Hu2017,
    author    = {Weiwei Hu and
                 Ying Tan},
    title     = {Black-Box Attacks against {RNN} based Malware Detection Algorithms},
	booktitle={Proccedings of AAAI Conference on Artificial Intelligence},
	address = {New Orleans, Louisiana, USA},
	month = {February 2-7},
	year={2018}
}

@article{Lin2018,
  author    = {Zilong Lin and
               Yong Shi and
               Zhi Xue},
  title     = {{IDSGAN:} Generative Adversarial Networks for Attack Generation against
               Intrusion Detection},
  journal   = {CoRR},
  volume    = {abs/1809.02077},
  year      = {2018},
  url       = {http://arxiv.org/abs/1809.02077},
  archivePrefix = {arXiv},
  eprint    = {1809.02077},
  timestamp = {Fri, 05 Oct 2018 11:34:52 +0200},
  biburl    = {https://dblp.org/rec/bib/journals/corr/abs-1809-02077},
  bibsource = {dblp computer science bibliography, https://dblp.org}
}

@inproceedings{Rigaki2018,
    author = {Rigaki, Maria and García, Sebastián},
    year = {2018},
    title = {Bringing a GAN to a Knife-Fight: Adapting Malware Communication to Avoid Detection},
    booktitle = {Proceedings of IEEE Security and Privacy Workshops (SPW)},
    month = {May 24},
    address = {San Francisco, California, USA},
    doi = {10.1109/SPW.2018.00019}
}

@inproceedings{Ledig2016,
  author    = {Christian Ledig and
               Lucas Theis and
               Ferenc Huszar and
               Jose Caballero and
               Andrew P. Aitken and
               Alykhan Tejani and
               Johannes Totz and
               Zehan Wang and
               Wenzhe Shi},
  title     = {Photo-Realistic Single Image Super-Resolution Using a Generative Adversarial
               Network},
  address = {Honolulu, Hawaii, USA},
  month = {July 22-25},
  booktitle   = {Proceedings of The IEEE Conference on Computer Vision and Pattern Recognition (CVPR)},
  volume    = {abs/1609.04802},
  year      = {2017},
  url       = {http://openaccess.thecvf.com/content_cvpr_2017/papers/Ledig_Photo-Realistic_Single_Image_CVPR_2017_paper.pdf},
}

@article{Zhu2017,
  author    = {Jun{-}Yan Zhu and
               Taesung Park and
               Phillip Isola and
               Alexei A. Efros},
  title     = {Unpaired Image-to-Image Translation using Cycle-Consistent Adversarial
               Networks},
  journal   = {CoRR},
  volume    = {abs/1703.10593},
  year      = {2017},
  url       = {http://arxiv.org/abs/1703.10593},
  archivePrefix = {arXiv},
  eprint    = {1703.10593},
  timestamp = {Mon, 13 Aug 2018 16:48:06 +0200},
  biburl    = {https://dblp.org/rec/bib/journals/corr/ZhuPIE17},
  bibsource = {dblp computer science bibliography, https://dblp.org}
}

@inproceedings{Gao2018,
  author    = {Yang Gao and
               Rita Singh and
               Bhiksha Raj},
  title     = {Voice Impersonation using Generative Adversarial Networks},
  booktitle = {Proceedings of IEEE International Conference on Acoustics, Speech and Signal Processing (ICASSP)},
  year      = {2018},
  month     = {April 15-20},
  address   = {Calgary, Alberta, Canada},
  pages     = {2506-2510}
}


@inproceedings{Dong2018,
  title={MuseGAN: Multi-track Sequential Generative Adversarial Networks for Symbolic Music Generation and Accompaniment},
  author={Hao-Wen Dong and Wen-Yi Hsiao and Li-Chia Yang and Yi-Hsuan Yang},
  booktitle={Proccedings of AAAI Conference on Artificial Intelligence},
  address = {New Orleans, Louisiana, USA},
  month = {February 2-7},
  year={2018}
}

@inproceedings{Su2018,
	author = {Hui Su and Xiaoyu Shen and Pengwei Hu and Wenjie Li and Yun Chen},
	title = {Dialogue Generation With GAN},
	booktitle={Proccedings of AAAI Conference on Artificial Intelligence},
	address = {New Orleans, Louisiana, USA},
	month = {February 2-7},
	year={2018},
	url = {https://aaai.org/ocs/index.php/AAAI/AAAI18/paper/view/16508}
}

@inproceedings{Goodfellow2014,
    title = {Generative Adversarial Nets},
    author = {Goodfellow, Ian and Pouget-Abadie, Jean and Mirza, Mehdi and Xu, Bing and Warde-Farley, David and Ozair, Sherjil and Courville, Aaron and Bengio, Yoshua},
    booktitle = {Proceedings of Advances in Neural Information Processing Systems 27},
    editor = {Z. Ghahramani and M. Welling and C. Cortes and N. D. Lawrence and K. Q. Weinberger},
    pages = {2672--2680},
    year = {2014},
    publisher = {Curran Associates, Inc.},
    url = {http://papers.nips.cc/paper/5423-generative-adversarial-nets.pdf}
}

@inproceedings{Pu2018,
    author    = {Yunchen Pu and
               Martin Renqiang Min and
               Zhe Gan and
               Lawrence Carin},
    title     = {Adaptive Feature Abstraction for Translating Video to Language},
	booktitle = {Proccedings of AAAI Conference on Artificial Intelligence},
	address   = {New Orleans, Louisiana, USA},
	month     = {February 2-7},
	year      = {2018}
}

@inproceedings{Filonov2016,
  author    = {Pavel Filonov and Andrey Lavrentyev and Artem Vorontsov},
  title     = {Multivariate Industrial Time Series with Cyber-Attack Simulation: Fault Detection Using an {LSTM}-based Predictive Data Model},
  booktitle   = {Proceedings of NIPS Time Series Workshop},
  month     = {December 9},
  year      = {2016},
  address  = {Barcelona, Spain},
  archivePrefix = {arXiv},
  eprint    = {1612.06676},
  timestamp = {Wed, 07 Jun 2017 14:41:26 +0200},
  biburl    = {https://arxiv.org/abs/1612.06676}
}

@inproceedings{Salimans,
  title     = {Improved Techniques for Training GANs},
  author    = {Salimans, Tim and 
               Goodfellow, Ian and 
               Zaremba, Wojciech and 
               Cheung, Vicki and 
               Radford, Alec and 
               Chen, Xi},
  booktitle = {Proceedings of Conference on Neural Information and Processing Systems},
  volume    = {abs/1701.00160},
  address   = {Barcelona, Spain},
  month     = {December},
  year      = {2016},
  pages     = {2234--2242},
}

@inproceedings{akent-2015-enterprise-data,
author      = {Kent, Alexander D},
booktitle   = {Dynamic Networks in Cybersecurity},
month       = {June},
publisher   = {Imperial College Press},
title       = {{Cybersecurity Data Sources for Dynamic Network Research}},
year        = {2015}
}

@inproceedings{Veeramachaneni2016,
  author    = {Veeramachaneni, Kalyan and 
               Arnaldo, Ignacio and 
               Korrapati, Vamsi and 
               Bassias, Constantinos and 
               Li, Ke},
  title     = {{AI2 : Training a big data machine to defend}},
  booktitle = {Proceedings of IEEE 2nd International Conference on Big Data Security on Cloud},
  address   = {Beijing, China},
  year      = {2016},
  month     = {June},
  pages     = {49--54}
}

@inproceedings{Filonov2017,
  author    = {Pavel Filonov and
               Fedor Kitashov and
               Andrey Lavrentyev},
  title     = {{RNN}-based Early Cyber-Attack Detection for the Tennessee Eastman Process},
  booktitle = {Proceedings of ICML Time Series Workshop},
  year      = {2017},
  month     = {August 11},
  address  = {Sydney, Australia},
  archivePrefix = {arXiv},
  eprint    = {1709.02232},
  timestamp = {Thu, 05 Oct 2017 09:42:59 +0200},
  biburl    = {https://arxiv.org/abs/1709.02232}
}

@misc{kdd-cup,
	author = {Dheeru, Dua and Karra Taniskidou, Efi},
	year = {2017},
	title = {{UCI} Machine Learning Repository},
	url = {http://archive.ics.uci.edu/ml},
	institution = {University of California, Irvine, School of Information and Computer Sciences} 
}

